@article{warner_ro2004,
author = {{Warner}, Brian.},
year = 2004,
title = "{Rapid Oscillations in Cataclysmic Variables}",
journal = {PASP},
volume = 116,
pages = {115--132}
}

@article{salt_first_science,
author = { {O'Donoghue}, D. and {Buckley}, D.A.H. and {Bester},D. and 47 others},
year = 2006,
title = "{First science with the Southern African Large Telescope: peering at the accreting polar caps of the eclipsing polar SDSS J015543.40+002807.2}",
journal = {MNRAS},
volume = 372,
pages = {151--162}
}

@Article{swiegers,
author = {{Swiegers}, J. and {Gajjar}, H.},
journal = {SPIE},
year = {2004},
volume = {5489},
pages = {881}

}

@Article{DOD2000,
author = {{O'Donoghue},D.},
journal = {SPIE},
year = {2000},
volume = {4003},
pages = {363}

}


@Book{warnerbible,
author = {{Warner}, B.},
title = {Cataclysmic Variable Stars},
publisher = {Cambridge University Press},
year = {1995}

}


@Article{V2051Oph2001,
author = {{Steeghs}, D. and {O'Brien}, K. and {Gomer},R. and {Oke},J.B.},
title = {Emission-line Oscilations in the dwarf nova V2051 Ophiuchi},
journal = {MNRAS},
year = {2001},
volume = {323},
pages = {484--496}
}

@Article{AEAqu2003,
author = {{Skidmore}, W. and {O'Brien}, K. and {Horne}, K. and {Gomer},R. and 2 others},
title = {High-Speed Keck spectroscopy of flares and oscillations in AE Aquarii},
journal = {MNRAS},
year = {2003},
volume = {338},
pages = {1057--1066}
}


@Article{HorneOpt,
author = {{Horne},K.},
title = {An optimal extraction algorithm for CCD spectroscopy},
journal = {PASP},
year = {1986},
volume = {98},
pages = {609--617}
}


@Article{magbrake,
author = {{Verbunt},F. and {Zwaan},C.},
journal = {A\&A},
year = {1981},
volume = {100},
pages = {7}
}

@Article{dqher,
author = {{Walker},M},
journal = {ApJ},
year = {1956},
volume = {123},
pages = {68}
}



@Article{SSCyg,
author = {{Schreiber},M.R. and {Lasota}, J. },
journal = {arXiv},
year = {2007},
volume = {0706.3888 [astro-ph]}
}

@Article{v348pup,
author = {{Froning}, C.S. and {Long}, K.S. and {Baptista}, R.},
journal = {The Astronomical Journal},
year = {2003},
volume = {126},
pages = {964--974}
}


@Article{UCTCCD,
author = {{O'Donoghue}, D.},
journal = {Baltic Astr},
year = {1995},
volume = {4},
number = {519}
}

@Article{ecsurvey,
author = {{Stobie}, R.S. and {Kilkenny}, D. and {O'Donoghue}, D.},
journal = {MNRAS},
year = {1997},
volume = {287},
pages = {848}
}

@Manual{slitspecIRAF,
title = {A User's Guide to Reducing Slit Spectra with IRAF},
author = {{Massey}, P. and {Valdes}, F. and {Barnes}, J.},
month = {April},
year = {1992}
}


@Article{kurtz_ft,
author = {{Kurtz}, D. },
journal = {MNRAS},
year = {1985},
volume = {213},
number = {{773-776}
}

@Article{dhillon_NL,
author = {{Dhillon}, V. },
journal = {arXiv},
year = {1995},
volume = {9509156}

}

@Article{Knigge_HST_UX_UMa,
author = {{Knigge}, C. and {Long}, K.S. and {Wade}, R. and {Baptista}, R. and {Horne}, K. and {Hubeny}, I. and {Rutten}, R.G.  },
journal = {ApJ},
year = {1998},
volume = {499},
pages = {414-428}
}

@Article{DNOQPO_II,
author = {{Warner}, B. and {Woudt}, P.A.},
journal = {MNRAS},
year = {2002},
volume = {335},
pages = {84-98}
}

@Article{DNOQPO_VI,
author = {{Warner}, B. and {Pretorius}, M.L.},
journal = {MNRAS},
year = {2008},
volume = {383},
pages = {1469-1476}
}


@Article{RSS_Modes,
author = {{Kobulnicky},H.A. and {Nordsieck},K.H. and {Burgh}, E.B. and {Smith}, M.P. and {Percival}, J.W. and {Williams}, T.B. and {O'Donoghue}, D.  },
journal = {SPIE},
year = {2003},
volume = {4841},
pages = {1634-1644}
}

@Article{RSS_Opt_Design,
author = {{Burgh}, E.B. {Nordsieck},K.H. and {Kobulnicky},H.A. and {Williams}, T.B. and {O'Donoghue}, D. and {Smith}, M.P. and {Percival}, J.W.   },
journal = {SPIE},
year = {2003},
volume = {4841},
pages = {1463-1471}
}


@ARTICLE{warner_brickhill,
   author = {{Warner}, B. and {Brickhill}, A.~J.},
    title = "{Observations of rapid blue variables - XVIII. Rapid oscillations in dwarf novae.}",
  journal = {MNRAS},
 keywords = {Dwarf Novae:Light Curves, Dwarf Novae:Oscillations, Dwarf Novae: Outbursts},
     year = 1978,
    month = mar,
   volume = 182,
    pages = {777-792},
   adsurl = {http://adsabs.harvard.edu/abs/1978MNRAS.182..777W},
  adsnote = {Provided by the SAO/NASA Astrophysics Data System}
}



@Article{baraffekolb,
author = {{Baraffe}, I. and {Kolb}, U.},
journal = {MNRAS},
year = {2000},
volume = {318},
pages = {354-360}
}

@Article{woudt2001HSP,
author = {{Woudt}, P.A. and {Warner}, B.},
journal = {MNRAS},
year = {2001},
volume = {328},
pages = {159}
}

@ARTICLE{swsex,
   author = {{Dhillon}, V.~S. and {Marsh}, T.~R. and {Jones}, D.~H.~P.},
    title = "{On the nature of SW Sex}",
  journal = {MNRAS},
   eprint = {arXiv:astro-ph/9709171},
 keywords = {NOVAE, ECLIPSING BINARY STARS, STELLAR SPECTRA, ASTRONOMICAL PHOTOMETRY, CATACLYSMIC VARIABLES, ACCRETION DISKS},
     year = 1997,
    month = nov,
   volume = 291,
    pages = {694-+},
   adsurl = {http://adsabs.harvard.edu/abs/1997MNRAS.291..694D},
  adsnote = {Provided by the SAO/NASA Astrophysics Data System}
}

@ARTICLE{2002MNRAS.335...84W,
   author = {{Warner}, B. and {Woudt}, P.~A.},
    title = "{Dwarf nova oscillations and quasi-periodic oscillations in cataclysmic variables - II. A low-inertia magnetic accretor model}",
  journal = {MNRAS},
   eprint = {arXiv:astro-ph/0204484},
     year = 2002,
    month = sep,
   volume = 335,
    pages = {84-98},
      doi = {10.1046/j.1365-8711.2002.05596.x},
   adsurl = {http://adsabs.harvard.edu/abs/2002MNRAS.335...84W},
  adsnote = {Provided by the SAO/NASA Astrophysics Data System}
}



@ARTICLE{1980ApJ...241..247P,
   author = {{Petterson}, J.~A.},
    title = "{Accretion disks in cataclysmic variables. I - The eclipse-related phase shifts in DQ Herculis and UX Ursae Majoris}",
  journal = {ApJ},
 keywords = {ECLIPSING BINARY STARS, PHASE SHIFT, STELLAR MASS ACCRETION, VARIABLE STARS, LIGHT (VISIBLE RADIATION), NOVAE, WHITE DWARF STARS},
     year = 1980,
    month = oct,
   volume = 241,
    pages = {247-256},
      doi = {10.1086/158337},
   adsurl = {http://adsabs.harvard.edu/abs/1980ApJ...241..247P},
  adsnote = {Provided by the SAO/NASA Astrophysics Data System}
}


@ARTICLE{z_cha_Vogt,
   author = {{Vogt}, N.},
    title = "{Z Chamaeleontis - Evidence for an eccentric disk during supermaximum}",
  journal = {ApJ},
 keywords = {DWARF NOVAE, ECLIPSING BINARY STARS, STELLAR MASS ACCRETION, STELLAR SPECTRA, STELLAR SPECTROPHOTOMETRY, BALMER SERIES, H LINES, RADIAL VELOCITY, STELLAR LUMINOSITY, STELLAR MODELS},
     year = 1982,
    month = jan,
   volume = 252,
    pages = {653-667},
      doi = {10.1086/159592},
   adsurl = {http://adsabs.harvard.edu/abs/1982ApJ...252..653V},
  adsnote = {Provided by the SAO/NASA Astrophysics Data System}
}


@ARTICLE{ux_uma_baptista_horne_etal,
   author = {{Baptista}, R. and {Horne}, K. and {Hilditch}, R.~W. and {Mason}, K.~O. and 
	{Drew}, J.~E.},
    title = "{Hubble Space Telescope and R-Band Eclipse Maps of the UX Ursae Majoris Accretion Disk}",
  journal = {ApJ},
 keywords = {STARS: BINARIES: ECLIPSING, STARS: INDIVIDUAL CONSTELLATION NAME: UX URSAE MAJORIS, STARS: NOVAE, CATACLYSMIC VARIABLES, ULTRAVIOLET: STARS},
     year = 1995,
    month = jul,
   volume = 448,
    pages = {395-+},
      doi = {10.1086/175970},
   adsurl = {http://adsabs.harvard.edu/abs/1995ApJ...448..395B},
  adsnote = {Provided by the SAO/NASA Astrophysics Data System}
}


@ARTICLE{WWP,
   author = {{Warner}, B. and {Woudt}, P.~A. and {Pretorius}, M.~L.},
    title = "{Dwarf nova oscillations and quasi-periodic oscillations in cataclysmic variables - III. A new kind of dwarf nova oscillation, and further examples of the similarities to X-ray binaries}",
  journal = {MNRAS},
   eprint = {arXiv:astro-ph/0306085},
     year = 2003,
    month = oct,
   volume = 344,
    pages = {1193-1209},
      doi = {10.1046/j.1365-8711.2003.06905.x},
   adsurl = {http://adsabs.harvard.edu/abs/2003MNRAS.344.1193W},
  adsnote = {Provided by the SAO/NASA Astrophysics Data System}
}


@PhdThesis{blackman,
author = {{Blackman}, C.},
school = {University of Cape Town},
year = {2008}
}



@ARTICLE{2004A&A...424..647R,
   author = {{Rodr{\'{\i}}guez-Gil}, P. and {G{\"a}nsicke}, B.~T. and {Barwig}, H. and 
	{Hagen}, H.-J. and {Engels}, D.},
    title = "{Time-resolved photometry and spectroscopy of the new deeply-eclipsing SW Sextantis star <ASTROBJ>HS 0728+6738</ASTROBJ>}",
  journal = {A\&A},
   eprint = {arXiv:astro-ph/0406395},
 keywords = {accretion, accretion disks, stars: binaries: close, stars: individual: HS 0728+6738, stars: novae, cataclysmic variables},
     year = 2004,
    month = sep,
   volume = 424,
    pages = {647-655},
      doi = {10.1051/0004-6361:20040408},
   adsurl = {http://adsabs.harvard.edu/abs/2004A%26A...424..647R},
  adsnote = {Provided by the SAO/NASA Astrophysics Data System}
}

@ARTICLE{2008arXiv0804.0898P,
   author = {{Papadaki}, C. and {Boffin}, H.~M.~J. and {Steeghs}, D. and 
	{Schmidtobreick}, L.},
    title = "{V2051 Oph after superoutburst: out-of-plane material and the superhump light source}",
  journal = {ArXiv e-prints},
   eprint = {0804.0898},
 keywords = {Astrophysics},
     year = 2008,
    month = apr,
   volume = 804,
   adsurl = {http://adsabs.harvard.edu/abs/2008arXiv0804.0898P},
  adsnote = {Provided by the SAO/NASA Astrophysics Data System}
}


@ARTICLE{1990AJ.....99.1621O,
   author = {{Oke}, J.~B.},
    title = "{Faint spectrophotometric standard stars}",
  journal = {AJ},
 keywords = {FAINT OBJECTS, STELLAR SPECTROPHOTOMETRY, CALIBRATING, CHARGE COUPLED DEVICES, HUBBLE SPACE TELESCOPE, IUE, SPECTRAL ENERGY DISTRIBUTION},
     year = 1990,
    month = may,
   volume = 99,
    pages = {1621-1631},
      doi = {10.1086/115444},
   adsurl = {http://adsabs.harvard.edu/abs/1990AJ.....99.1621O},
  adsnote = {Provided by the SAO/NASA Astrophysics Data System}
}


@ARTICLE{1984MNRAS.206..241B,
   author = {{Baldwin}, J.~A. and {Stone}, R.~P.~S.},
    title = "{Southern spectrophotometric standards for large telescopes. II}",
  journal = {MNRAS},
 keywords = {REFERENCE STARS, STELLAR SPECTRA, STELLAR SPECTROPHOTOMETRY, TELESCOPES, CALIBRATING, INTERPOLATION, SOUTHERN SKY},
     year = 1984,
    month = jan,
   volume = 206,
    pages = {241-245},
   adsurl = {http://adsabs.harvard.edu/abs/1984MNRAS.206..241B},
  adsnote = {Provided by the SAO/NASA Astrophysics Data System}
}

@ARTICLE{1987Ap&SS.130...81W,
   author = {{Wood}, J.},
    title = "{Observations of Eclipsing Dwarf Novae}",
  journal = {ApSS},
     year = 1987,
    month = feb,
   volume = 130,
    pages = {81-83},
      doi = {10.1007/BF00654975},
   adsurl = {http://adsabs.harvard.edu/abs/1987Ap%26SS.130...81W},
  adsnote = {Provided by the SAO/NASA Astrophysics Data System}
}
